<record><leader>00000cas a22000007a 4500</leader><controlfield tag="001">24949734</controlfield><controlfield tag="008">911213d19371937riudn ne      0    0eng d</controlfield><datafield ind1=" " ind2=" " tag="010"><subfield code="a">sn 91070641 </subfield></datafield><datafield ind1=" " ind2=" " tag="040"><subfield code="a">RHN</subfield><subfield code="b">eng</subfield><subfield code="c">RHN</subfield><subfield code="d">OCLCQ</subfield><subfield code="d">OCLCF</subfield><subfield code="d">OCLCO</subfield></datafield><datafield ind1="1" ind2=" " tag="029"><subfield code="a">AU@</subfield><subfield code="b">000025872005</subfield></datafield><datafield ind1=" " ind2=" " tag="042"><subfield code="a">msc</subfield></datafield><datafield ind1=" " ind2=" " tag="043"><subfield code="a">n-us-ri</subfield></datafield><datafield ind1="0" ind2="0" tag="245"><subfield code="a">Rhode Island star.</subfield></datafield><datafield ind1=" " ind2=" " tag="260"><subfield code="a">Pawtucket, R.I. :</subfield><subfield code="b">[Rhode Island Star Pub. Co.]</subfield></datafield><datafield ind1=" " ind2=" " tag="300"><subfield code="a">v.</subfield></datafield><datafield ind1=" " ind2=" " tag="310"><subfield code="a">Daily (except Sun.)</subfield></datafield><datafield ind1="0" ind2=" " tag="362"><subfield code="a">Vol. 1, no. 1 (Mar. 22, 1937)-v. 1, no. 12 (Apr. 3, 1937).</subfield></datafield><datafield ind1=" " ind2="0" tag="651"><subfield code="a">Pawtucket (R.I.)</subfield><subfield code="v">Newspapers.</subfield></datafield><datafield ind1=" " ind2="7" tag="655"><subfield code="a">Newspapers.</subfield><subfield code="2">fast</subfield><subfield code="0">(OCoLC)fst01423814</subfield></datafield><datafield ind1=" " ind2="7" tag="651"><subfield code="a">Rhode Island</subfield><subfield code="z">Pawtucket.</subfield><subfield code="2">fast</subfield><subfield code="0">(OCoLC)fst01206163</subfield></datafield><datafield ind1=" " ind2=" " tag="752"><subfield code="a">United States</subfield><subfield code="b">Rhode Island</subfield><subfield code="c">Providence</subfield><subfield code="d">Pawtucket.</subfield></datafield><datafield ind1="0" ind2="0" tag="780"><subfield code="t">Pawtucket star</subfield><subfield code="w">(DLC)sn 91070636</subfield></datafield><datafield ind1="0" ind2="7" tag="785"><subfield code="t">News-tribune (Providence, R.I.)</subfield><subfield code="w">(DLC)sn 91070638</subfield></datafield><datafield ind1="0" ind2="7" tag="785"><subfield code="t">Star-tribune (Providence, R.I.)</subfield><subfield code="w">(DLC)sn 91070642</subfield></datafield></record>